@article{19kalidindi2016vision,
  title={Vision for data and informatics in the future materials innovation ecosystem},
  author={Kalidindi, Surya R and Medford, Andrew J and Mcdowell, David L},
  journal={JOM},
  volume={68},
  number={8},
  pages={2126--2137},
  year={2016},
  publisher={Springer}
}

@article{18huang2020practicing,
  title={Practicing deep learning in materials science: An evaluation for predicting the formation energies},
  author={Huang, Liyuan and Ling, Chen},
  journal={Journal of Applied Physics},
  volume={128},
  number={12},
  pages={124901},
  year={2020},
  publisher={AIP Publishing LLC}
}

@article{1biswas2018phase,
  title={Phase field modeling of sintering: Role of grain orientation and anisotropic properties},
  author={Biswas, Sudipta and Schwen, Daniel and Wang, Hao and Okuniewski, Maria and Tomar, Vikas},
  journal={Computational Materials Science},
  volume={148},
  pages={307--319},
  year={2018},
  publisher={Elsevier}
}

@article{2yabansu2019application,
  title={Application of Gaussian process regression models for capturing the evolution of microstructure statistics in aging of nickel-based superalloys},
  author={Yabansu, Yuksel C and Iskakov, Almambet and Kapustina, Anna and Rajagopalan, Sudhir and Kalidindi, Surya R},
  journal={Acta Materialia},
  volume={178},
  pages={45--58},
  year={2019},
  publisher={Elsevier}
}

@article{3bostanabad2018computational,
  title={Computational microstructure characterization and reconstruction: Review of the state-of-the-art techniques},
  author={Bostanabad, Ramin and Zhang, Yichi and Li, Xiaolin and Kearney, Tucker and Brinson, L Catherine and Apley, Daniel W and Liu, Wing Kam and Chen, Wei},
  journal={Progress in Materials Science},
  volume={95},
  pages={1--41},
  year={2018},
  publisher={Elsevier}
}

@article{4fullwood2008microstructure,
  title={Microstructure reconstructions from 2-point statistics using phase-recovery algorithms},
  author={Fullwood, David T and Niezgoda, Stephen R and Kalidindi, Surya R},
  journal={Acta Materialia},
  volume={56},
  number={5},
  pages={942--948},
  year={2008},
  publisher={Elsevier}
}

@article{5rozman2002uniqueness,
  title={Uniqueness of reconstruction of multiphase morphologies from two-point correlation functions},
  author={Rozman, MG and Utz, Marcel},
  journal={Physical review letters},
  volume={89},
  number={13},
  pages={135501},
  year={2002},
  publisher={APS}
}

@article{6fast2016microstructure,
  title={Microstructure taxonomy based on spatial correlations: Application to microstructure coarsening},
  author={Fast, Tony and Wodo, Olga and Ganapathysubramanian, Baskar and Kalidindi, Surya R},
  journal={Acta Materialia},
  volume={108},
  pages={176--185},
  year={2016},
  publisher={Elsevier}
}

@article{8liu2015random,
  title={Random heterogeneous materials via texture synthesis},
  author={Liu, Xingchen and Shapiro, Vadim},
  journal={Computational Materials Science},
  volume={99},
  pages={177--189},
  year={2015},
  publisher={Elsevier}
}

@article{9paulson2017reduced,
  title={Reduced-order structure-property linkages for polycrystalline microstructures based on 2-point statistics},
  author={Paulson, Noah H and Priddy, Matthew W and McDowell, David L and Kalidindi, Surya R},
  journal={Acta Materialia},
  volume={129},
  pages={428--438},
  year={2017},
  publisher={Elsevier}
}

@article{10roosen1998simulations,
  title={Simulations of microstructural evolution: anisotropic growth and coarsening},
  author={Roosen, Andrew R and Carter, W Craig},
  journal={Physica A: Statistical Mechanics and Its Applications},
  volume={261},
  number={1-2},
  pages={232--247},
  year={1998},
  publisher={Elsevier}
}

@article{11xu2019stochastic,
  title={Stochastic 3D microstructure reconstruction and mechanical modeling of anisotropic battery separators},
  author={Xu, Hongyi and Bae, Chulheung},
  journal={Journal of Power Sources},
  volume={430},
  pages={67--73},
  year={2019},
  publisher={Elsevier}
}

@article{12fullwood2008gradient,
  title={Gradient-based microstructure reconstructions from distributions using fast Fourier transforms},
  author={Fullwood, DT and Kalidindi, SR and Niezgoda, SR and Fast, A and Hampson, N},
  journal={Materials Science and Engineering: A},
  volume={494},
  number={1-2},
  pages={68--72},
  year={2008},
  publisher={Elsevier}
}

@article{13yeong1998reconstructing,
  title={Reconstructing random media},
  author={Yeong, CLY and Torquato, Salvatore},
  journal={Physical review E},
  volume={57},
  number={1},
  pages={495},
  year={1998},
  publisher={APS}
}

@article{14corson1974correlation,
  title={Correlation functions for predicting properties of heterogeneous materials. I. Experimental measurement of spatial correlation functions in multiphase solids},
  author={Corson, Peter B},
  journal={Journal of Applied Physics},
  volume={45},
  number={7},
  pages={3159--3164},
  year={1974},
  publisher={American Institute of Physics}
}

@article{15singh2008image,
  title={Image based computations of lineal path probability distributions for microstructure representation},
  author={Singh, H and Gokhale, AM and Lieberman, SI and Tamirisakandala, S},
  journal={Materials Science and Engineering: A},
  volume={474},
  number={1-2},
  pages={104--111},
  year={2008},
  publisher={Elsevier}
}

@article{16xu2014descriptor,
  title={Descriptor-based methodology for statistical characterization and 3D reconstruction of microstructural materials},
  author={Xu, Hongyi and Dikin, Dmitriy A and Burkhart, Craig and Chen, Wei},
  journal={Computational Materials Science},
  volume={85},
  pages={206--216},
  year={2014},
  publisher={Elsevier}
}

@article{17xu2014descriptor2,
  title={A descriptor-based design methodology for developing heterogeneous microstructural materials system},
  author={Xu, Hongyi and Li, Yang and Brinson, Catherine and Chen, Wei},
  journal={Journal of Mechanical Design},
  volume={136},
  number={5},
  year={2014},
  publisher={American Society of Mechanical Engineers Digital Collection}
}

@article{18huang2020practicing,
  title={Practicing deep learning in materials science: An evaluation for predicting the formation energies},
  author={Huang, Liyuan and Ling, Chen},
  journal={Journal of Applied Physics},
  volume={128},
  number={12},
  pages={124901},
  year={2020},
  publisher={AIP Publishing LLC}
}


@article{20bostanabad2016stochastic,
  title={Stochastic microstructure characterization and reconstruction via supervised learning},
  author={Bostanabad, Ramin and Bui, Anh Tuan and Xie, Wei and Apley, Daniel W and Chen, Wei},
  journal={Acta Materialia},
  volume={103},
  pages={89--102},
  year={2016},
  publisher={Elsevier}
}

@article{21lu1992lineal,
  title={Lineal-path function for random heterogeneous materials},
  author={Lu, Binglin and Torquato, Salvatore},
  journal={Physical Review A},
  volume={45},
  number={2},
  pages={922},
  year={1992},
  publisher={APS}
}

@article{22park2014application,
  title={Application of the level-set method to the analysis of an evolving microstructure},
  author={Park, C-L and Voorhees, Peter W and Thornton, K},
  journal={Computational materials science},
  volume={85},
  pages={46--58},
  year={2014},
  publisher={Elsevier}
}

@book{23sethian1999level,
  title={Level set methods and fast marching methods: evolving interfaces in computational geometry, fluid mechanics, computer vision, and materials science},
  author={Sethian, James Albert},
  volume={3},
  year={1999},
  publisher={Cambridge university press}
}

@article{24lecun2015deep,
  title={Deep learning},
  author={LeCun, Yann and Bengio, Yoshua and Hinton, Geoffrey},
  journal={nature},
  volume={521},
  number={7553},
  pages={436--444},
  year={2015},
  publisher={Nature Publishing Group}
}

@article{25lubbers2017inferring,
  title={Inferring low-dimensional microstructure representations using convolutional neural networks},
  author={Lubbers, Nicholas and Lookman, Turab and Barros, Kipton},
  journal={Physical Review E},
  volume={96},
  number={5},
  pages={052111},
  year={2017},
  publisher={APS}
}

@article{26venkatraman2020reduced,
  title={Reduced-Order Models for Ranking Damage Initiation in Dual-Phase Composites Using Bayesian Neural Networks},
  author={Venkatraman, Aditya and de Oca Zapiain, David Montes and Kalidindi, Surya R},
  journal={JOM},
  pages={1--11},
  year={2020},
  publisher={Springer}
}


@article{27wheeler2014pymks,
  title={PyMKS},
  author={Wheeler, D and Brough, D and Fast, T and Kalidindi, S and Reid, A},
  journal={Materials Knowledge System in python, figshare},
  volume={2016},
  year={2014}
}

@article{28hoshen1976percolation,
  title={Percolation and cluster distribution. I. Cluster multiple labeling technique and critical concentration algorithm},
  author={Hoshen, Joseph and Kopelman, Raoul},
  journal={Physical Review B},
  volume={14},
  number={8},
  pages={3438},
  year={1976},
  publisher={APS}
}

@article{29fricke2004hoshen,
  title={The hoshen-kopelman algorithm},
  author={Fricke, Tobin},
  journal={URL: http://www. ocf. berkeley. edu/\~{} fricke/projects/hoshenkopelman/hoshenkopelman. html},
  year={2004}
}

@article{30bai2008calculating,
  title={Calculating center of mass in an unbounded 2D environment},
  author={Bai, Linge and Breen, David},
  journal={Journal of Graphics Tools},
  volume={13},
  number={4},
  pages={53--60},
  year={2008},
  publisher={Taylor \& Francis}
}

@article{31rahtu2006new,
  title={A new convexity measure based on a probabilistic interpretation of images},
  author={Rahtu, Esa and Salo, Mikko and Heikkila, Janne},
  journal={IEEE Transactions on Pattern Analysis and Machine Intelligence},
  volume={28},
  number={9},
  pages={1501--1512},
  year={2006},
  publisher={IEEE}
}